@article{bojanowski2017enriching,
  title   = {Enriching Word Vectors with Subword Information},
  author  = {Bojanowski, Piotr and Grave, Edouard and Joulin, Armand and Mikolov, Tomas},
  journal = {Transactions of the Association for Computational Linguistics},
  volume  = {5},
  year    = {2017},
  issn    = {2307-387X},
  pages   = {135--146}
}

@InProceedings{N18-1101,
  author = "Williams, Adina
            and Nangia, Nikita
            and Bowman, Samuel",
  title = "A Broad-Coverage Challenge Corpus for
           Sentence Understanding through Inference",
  booktitle = "Proceedings of the 2018 Conference of
               the North American Chapter of the
               Association for Computational Linguistics:
               Human Language Technologies, Volume 1 (Long
               Papers)",
  year = "2018",
  publisher = "Association for Computational Linguistics",
  pages = "1112--1122",
  location = "New Orleans, Louisiana",
  url = "http://aclweb.org/anthology/N18-1101"
}

@inproceedings{ntcir9rite1,
author = {Shima, Hideki and Kanayama, Hiroshi and Lee, Cheng-Wei and Lin, Chuan-Jie and Mitamura, Teruko and Miyao, Yusuke and Shi, Shuming and Takeda, Koichi},
year = {2011},
month = {12},
pages = {},
title = {Overview of NTCIR-9 RITE: Recognizing Inference in TExt}
}

@inproceedings{ntcir10rite2,
  title={Overview of the Recognizing Inference in Text (RITE-2) at NTCIR-10},
  author={Yotaro Watanabe and Yusuke Miyao and Junta Mizuno and Tomohide Shibata and H. Kanayama and Cheng-Wei Lee and Chuan-Jie Lin and Shuming Shi and T. Mitamura and N. Kando and H. Shima and Koichi Takeda},
  booktitle={NTCIR},
  year={2013}
}

@inproceedings{ntcir11rite-val,
  title={Overview of the NTCIR-11 Recognizing Inference in TExt and Validation (RITE-VAL) Task},
  author={S. Matsuyoshi and Yusuke Miyao and Tomohide Shibata and Chuan-Jie Lin and Cheng-Wei Shih and Yotaro Watanabe and T. Mitamura},
  booktitle={NTCIR},
  year={2014}
}

@inproceedings{snli:emnlp2015,
	Author = {Bowman, Samuel R. and Angeli, Gabor and Potts, Christopher and Manning, Christopher D.},
	Booktitle = {Proceedings of the 2015 Conference on Empirical Methods in Natural Language Processing (EMNLP)},
	Publisher = {Association for Computational Linguistics},
	Title = {A large annotated corpus for learning natural language inference},
	Year = {2015}
}

@inproceedings{ocnli,
	title={OCNLI: Original Chinese Natural Language Inference},
	author={Hai Hu and Kyle Richardson and Liang Xu and Lu Li and Sandra Kuebler and Larry Moss},
	booktitle={Findings of EMNLP},
	year={2020},
	url={https://arxiv.org/abs/2010.05444}
}

@misc{cnli2018,
  author = {Charles, P.W.D.},
  title = {Project Title},
  year = {2013},
  publisher = {GitHub},
  journal = {GitHub repository},
  howpublished = {\url{https://github.com/charlespwd/project-title}},
  commit = {4f57d6a0e4c030202a07a60bc1bb1ed1544bf679}
}

@misc{cheng2019symmetric,
  title         = {Symmetric Regularization based BERT for Pair-wise Semantic Reasoning},
  author        = {Xingyi Cheng and Weidi Xu and Kunlong Chen and Wei Wang and Bin Bi and Ming Yan and Chen Wu and Luo Si and Wei Chu and Taifeng Wang},
  year          = {2019},
  eprint        = {1909.03405},
  archiveprefix = {arXiv},
  primaryclass  = {cs.CL}
}

@misc{cho2014learning,
  title         = {Learning Phrase Representations using RNN Encoder-Decoder for Statistical Machine Translation},
  author        = {Kyunghyun Cho and Bart van Merrienboer and Caglar Gulcehre and Dzmitry Bahdanau and Fethi Bougares and Holger Schwenk and Yoshua Bengio},
  year          = {2014},
  eprint        = {1406.1078},
  archiveprefix = {arXiv},
  primaryclass  = {cs.CL}
}

@article{Cui_2019,
  title     = {Cross-Lingual Machine Reading Comprehension},
  url       = {http://dx.doi.org/10.18653/v1/D19-1169},
  doi       = {10.18653/v1/d19-1169},
  journal   = {Proceedings of the 2019 Conference on Empirical Methods in Natural Language Processing and the 9th International Joint Conference on Natural Language Processing (EMNLP-IJCNLP)},
  publisher = {Association for Computational Linguistics},
  author    = {Cui, Yiming and Che, Wanxiang and Liu, Ting and Qin, Bing and Wang, Shijin and Hu, Guoping},
  year      = {2019}
}

@misc{cui2019pretraining,
  title         = {Pre-Training with Whole Word Masking for Chinese BERT},
  author        = {Yiming Cui and Wanxiang Che and Ting Liu and Bing Qin and Ziqing Yang and Shijin Wang and Guoping Hu},
  year          = {2019},
  eprint        = {1906.08101},
  archiveprefix = {arXiv},
  primaryclass  = {cs.CL}
}

@misc{devlin2018bert,
  title         = {BERT: Pre-training of Deep Bidirectional Transformers for Language Understanding},
  author        = {Jacob Devlin and Ming-Wei Chang and Kenton Lee and Kristina Toutanova},
  year          = {2018},
  eprint        = {1810.04805},
  archiveprefix = {arXiv},
  primaryclass  = {cs.CL}
}

@misc{hochreiter1997lstm,
  title  = {Long Short-Term Memory},
  author = {Sepp Hochreiter and Jurgen Schmidhuber},
  year   = {1997}
}

@misc{hsu2019zeroshot,
  title         = {Zero-shot Reading Comprehension by Cross-lingual Transfer Learning with Multi-lingual Language Representation Model},
  author        = {Tsung-yuan Hsu and Chi-liang Liu and Hung-yi Lee},
  year          = {2019},
  eprint        = {1909.09587},
  archiveprefix = {arXiv},
  primaryclass  = {cs.CL}
}

@misc{rajpurkar2016squad,
  title         = {SQuAD: 100,000+ Questions for Machine Comprehension of Text},
  author        = {Pranav Rajpurkar and Jian Zhang and Konstantin Lopyrev and Percy Liang},
  year          = {2016},
  eprint        = {1606.05250},
  archiveprefix = {arXiv},
  primaryclass  = {cs.CL}
}

@misc{sasaki2005ntcir5,
  title  = {Overview of the NTCIR-5 Cross-Lingual Question Answering Task (CLQA1)},
  author = {Yutaka Sasaki and Hsin-Hsi Chen and Kuang-hua Chen and Chuan-Jie Lin},
  year   = {2005}
}

@misc{sasaki2005ntcir6,
  title  = {Overview of the NTCIR-6 Cross-Lingual Question Answering (CLQA) Task},
  author = {Yutaka Sasaki and Chuan-Jie Lin and Kuang-hua Chen and Hsin-Hsi Chen},
  year   = {2007}
}

@misc{seo2016bidirectional,
  title         = {Bidirectional Attention Flow for Machine Comprehension},
  author        = {Minjoon Seo and Aniruddha Kembhavi and Ali Farhadi and Hannaneh Hajishirzi},
  year          = {2016},
  eprint        = {1611.01603},
  archiveprefix = {arXiv},
  primaryclass  = {cs.CL}
}

@misc{shao2018drcd,
  title         = {DRCD: a Chinese Machine Reading Comprehension Dataset},
  author        = {Chih Chieh Shao and Trois Liu and Yuting Lai and Yiying Tseng and Sam Tsai},
  year          = {2018},
  eprint        = {1806.00920},
  archiveprefix = {arXiv},
  primaryclass  = {cs.CL}
}

@misc{srivastava2015highway,
  title         = {Highway Networks},
  author        = {Rupesh Kumar Srivastava and Klaus Greff and JÃ¼rgen Schmidhuber},
  year          = {2015},
  eprint        = {1505.00387},
  archiveprefix = {arXiv},
  primaryclass  = {cs.LG}
}

@misc{sun2019ernie,
  title         = {ERNIE 2.0: A Continual Pre-training Framework for Language Understanding},
  author        = {Yu Sun and Shuohuan Wang and Yukun Li and Shikun Feng and Hao Tian and Hua Wu and Haifeng Wang},
  year          = {2019},
  eprint        = {1907.12412},
  archiveprefix = {arXiv},
  primaryclass  = {cs.CL}
}

@misc{tay2020synthesizer,
  title         = {Synthesizer: Rethinking Self-Attention in Transformer Models},
  author        = {Yi Tay and Dara Bahri and Donald Metzler and Da-Cheng Juan and Zhe Zhao and Che Zheng},
  year          = {2020},
  eprint        = {2005.00743},
  archiveprefix = {arXiv},
  primaryclass  = {cs.CL}
}

@misc{vaswani2017attention,
  title         = {Attention Is All You Need},
  author        = {Ashish Vaswani and Noam Shazeer and Niki Parmar and Jakob Uszkoreit and Llion Jones and Aidan N. Gomez and Lukasz Kaiser and Illia Polosukhin},
  year          = {2017},
  eprint        = {1706.03762},
  archiveprefix = {arXiv},
  primaryclass  = {cs.CL}
}

@article{Wolf2019HuggingFacesTS,
  title   = {HuggingFace's Transformers: State-of-the-art Natural Language Processing},
  author  = {Thomas Wolf and Lysandre Debut and Victor Sanh and Julien Chaumond and Clement Delangue and Anthony Moi and Pierric Cistac and Tim Rault and R'emi Louf and Morgan Funtowicz and Jamie Brew},
  journal = {ArXiv},
  year    = {2019},
  volume  = {abs/1910.03771}
}

@misc{yang2019data,
  title         = {Data Augmentation for BERT Fine-Tuning in Open-Domain Question Answering},
  author        = {Wei Yang and Yuqing Xie and Luchen Tan and Kun Xiong and Ming Li and Jimmy Lin},
  year          = {2019},
  eprint        = {1904.06652},
  archiveprefix = {arXiv},
  primaryclass  = {cs.CL}
}

@misc{yu2018qanet,
  title         = {QANet: Combining Local Convolution with Global Self-Attention for Reading Comprehension},
  author        = {Adams Wei Yu and David Dohan and Minh-Thang Luong and Rui Zhao and Kai Chen and Mohammad Norouzi and Quoc V. Le},
  year          = {2018},
  eprint        = {1804.09541},
  archiveprefix = {arXiv},
  primaryclass  = {cs.CL}
}
